@article{godel:choice,
    author = {G\"{o}del, K.},
    issn = {0027-8424},
    journal = {Proceedings of the National Academy of Sciences of the United States of America},
    month = dec,
    number = {12},
    pages = {556--557},
    title = {The Consistency of the Axiom of Choice and of the Generalized Continuum-Hypothesis.},
    url = {http://view.ncbi.nlm.nih.gov/pubmed/16577857},
    volume = {24},
    year = {1938}
}


@article{curry:combinatory,
    author = {Curry, Haskell B.},
    journal = {The Journal of Symbolic Logic},
    keywords = {combinatory-logic, logic},
    number = {2},
    pages = {49--64},
    title = {The Combinatory Foundations of Mathematical Logic},
    url = {http://www.jstor.org/stable/2266302},
    volume = {7},
    year = {1942}
}
